<record><leader>00000cas a22000007a 4500</leader><controlfield tag="001">15253785</controlfield><controlfield tag="008">870228d19uu1970msuwr ne      0    0eng d</controlfield><datafield ind1=" " ind2=" " tag="010"><subfield code="a">sn 87065178 </subfield></datafield><datafield ind1=" " ind2=" " tag="040"><subfield code="a">MJA</subfield><subfield code="b">eng</subfield><subfield code="c">MJA</subfield><subfield code="d">MSJ</subfield><subfield code="d">OCLCQ</subfield></datafield><datafield ind1=" " ind2=" " tag="042"><subfield code="a">msc</subfield></datafield><datafield ind1="0" ind2="0" tag="245"><subfield code="a">DeSoto County news.</subfield></datafield><datafield ind1=" " ind2=" " tag="260"><subfield code="a">Hernando, Miss. :</subfield><subfield code="b">Mr. and Mrs. Paul E. Phillips</subfield></datafield><datafield ind1=" " ind2=" " tag="310"><subfield code="a">Weekly</subfield></datafield><datafield ind1="1" ind2=" " tag="362"><subfield code="a">Ceased in 1970.</subfield></datafield><datafield ind1=" " ind2=" " tag="580"><subfield code="a">Merged with: Times-promoter, to form: DeSoto times.</subfield></datafield><datafield ind1=" " ind2=" " tag="588"><subfield code="a">Description based on: Vol. 5, no. 44 (Jan. 7, 1965).</subfield></datafield><datafield ind1=" " ind2=" " tag="752"><subfield code="a">United States</subfield><subfield code="b">Mississippi</subfield><subfield code="c">DeSoto</subfield><subfield code="d">Hernando.</subfield></datafield><datafield ind1="1" ind2="7" tag="785"><subfield code="t">Times-promoter</subfield><subfield code="w">(OCoLC)15253715</subfield></datafield><datafield ind1="1" ind2="7" tag="785"><subfield code="t">DeSoto times (Hernando, Miss. : 1970)</subfield><subfield code="w">(OCoLC)15278393</subfield></datafield></record>